@book{puterman,
    author    = "Matrin L. Putterman",
    title     = "Markov Decision Processes, Discrete Stochastic Dynamic Programming",
    year      = "1994",
    publisher = "Wiley-Interscience",
    address   = "Hoboken, New Jersey"
}
@inproceedings{Hansen98,
  author    = {Eric A. Hansen},
  title     = "{Solving POMDPs by Searching in Policy Space}",
  booktitle = {UAI},
  year      = {1998},
  pages     = {211-219},
  ee        = {http://uai.sis.pitt.edu/displayArticleDetails.jsp?mmnu=1{\&}smnu=2{\&}article_id=250{\&}proceeding_id=14},
  bibsource = {DBLP, http://dblp.uni-trier.de}
}
@phdthesis{littman96,
  author =   {Michael Littman},
  title =  {Algorithms for Sequential Decision Making},
  school =   {Brown University, Computer Science Dept.},
  address =  {Providence},
  year =   {1996}
}
@book{physics,
    author    = "Paul A. Tipler and Gene Mosca",
    title     = "Physics for Scientists and Engineers Extended Version",
    year      = "2007",
    publisher = "W. H. Freeman",
    address   = "New York, NY"
}
@book{mdpai,
    author    = "Olivier Sigaud and Olivier Buffet",
    title     = "Markov Decision Processes in Artificial Intelligence",
    year      = "2010",
    publisher = "John Wiley & Sons",
    address   = "Hoboken, New Jersey"
}
@book{ccs,
    author    = "George A. Perdikaris",
    title     = "Computer Controlled Systems: Theory and Application (Intelligent Systems, Control and Automation: Science and Engineering)",
    year      = "1991",
    publisher = "Springer",
    address   = "Berlin"
}

@misc{jos_sine,
    author       = {Julius Orion Smith III},
    howpublished ={Retrieved February 14, 2012, from JOS Website: \url{https://ccrma.stanford.edu/~jos/filters/Simulated_Sine_Wave_Analysis_Matlab.html}},
    title        ={Simulated Sine-Wave Analysis in Matlab}
}
@article{ross2008online,
  title="{Online planning algorithms for POMDPs}",
  author={Ross, S. and Pineau, J. and Paquet, S. and Chaib-Draa, B.},
  journal={Journal of Artificial Intelligence Research},
  volume={32},
  number={1},
  pages={663--704},
  year={2008},
  publisher={AI Access Foundation}
}